@inproceedings{graves2006ctc,
  author = {Graves, Alex and Fern\'{a}ndez, Santiago and Gomez, Faustino and Schmidhuber, J\"{u}rgen},
  title = {Connectionist Temporal Classification: Labelling Unsegmented Sequence Data with Recurrent Neural Networks},
  year = {2006},
  isbn = {1595933832},
  publisher = {Association for Computing Machinery},
  address = {New York, NY, USA},
  url = {https://doi.org/10.1145/1143844.1143891},
  doi = {10.1145/1143844.1143891},
  booktitle = {Proceedings of the 23rd International Conference on Machine Learning},
  pages = {369--376},
  numpages = {8},
  location = {Pittsburgh, Pennsylvania, USA},
  series = {ICML '06}
}

@misc{chorowski2015attentionbased,
  title={Attention-Based Models for Speech Recognition}, 
  author={Jan Chorowski and Dzmitry Bahdanau and Dmitriy Serdyuk and Kyunghyun Cho and Yoshua Bengio},
  year={2015},
  eprint={1506.07503},
  archivePrefix={arXiv},
  primaryClass={cs.CL}
}

@misc{chan2015las,
  title={Listen, Attend and Spell}, 
  author={William Chan and Navdeep Jaitly and Quoc V. Le and Oriol Vinyals},
  year={2015},
  eprint={1508.01211},
  archivePrefix={arXiv},
  primaryClass={cs.CL}
}
