@misc{switchboard,
  author = {Microsoft},
  title = {Historic Achievement: Microsoft researchers reach human parity in conversational speech recognition},
  year = {2016},
  url = {https://blogs.microsoft.com/ai/historic-achievement-microsoft-researchers-reach-human-parity-conversational-speech-recognition/}
}

@misc{hannun2021history,
  title={The History of Speech Recognition to the Year 2030}, 
  author={Awni Hannun},
  year={2021},
  eprint={2108.00084},
  archivePrefix={arXiv},
  primaryClass={cs.CL}
}

@article{rabiner1989hmm,
  author={Rabiner, L.R.},
  journal={Proceedings of the IEEE}, 
  title={A tutorial on hidden Markov models and selected applications in speech recognition}, 
  year={1989},
  volume={77},
  number={2},
  pages={257-286},
  doi={10.1109/5.18626}
}

@book{kamath2019nlp,
  author = {Kamath, Uday and Liu, John and Whitaker, James},
  title = {Deep Learning for NLP and Speech Recognition},
  year = {2019},
  isbn = {3030145956},
  publisher = {Springer Publishing Company, Incorporated},
  edition = {1st}
}

@article{park2020noisy,
   title={Improved Noisy Student Training for Automatic Speech Recognition},
   url={http://dx.doi.org/10.21437/Interspeech.2020-1470},
   DOI={10.21437/interspeech.2020-1470},
   journal={Interspeech 2020},
   publisher={ISCA},
   author={Park, Daniel S. and Zhang, Yu and Jia, Ye and Han, Wei and Chiu, Chung-Cheng and Li, Bo and Wu, Yonghui and Le, Quoc V.},
   year={2020},
   month={Oct}
}

@misc{baevski2020wav2vec,
      title={wav2vec 2.0: A Framework for Self-Supervised Learning of Speech Representations}, 
      author={Alexei Baevski and Henry Zhou and Abdelrahman Mohamed and Michael Auli},
      year={2020},
      eprint={2006.11477},
      archivePrefix={arXiv},
      primaryClass={cs.CL}
}